@article{Mercato22,
  title={MERCATI: FACCIAMO IL PUNTO SUL 2022 E VEDIAMO COSA CI RISERVA IL 2023},
  author={Maurizio Mazziero},
  year={21/12/2022},
  link = {https://www.mazzieroresearch.com/mercati-facciamo-il-punto-sul-2022-e-vediamo-cosa-ci-riserva-il-2023/}
}

@article{Mercato221,
  title={Il 2021 dei mercati finanziari},
  author={Maurizio Mazziero},
  year={21/12/2022},
  link = {https://www.mazzieroresearch.com/mercati-facciamo-il-punto-sul-2022-e-vediamo-cosa-ci-riserva-il-2023/}
}